<record><leader>00000cas a22000007a 4500</leader><controlfield tag="001">19817223</controlfield><controlfield tag="008">890605d19271945mouwr ne      0    0eng d</controlfield><datafield ind1=" " ind2=" " tag="010"><subfield code="a">sn 89066369 </subfield></datafield><datafield ind1=" " ind2=" " tag="040"><subfield code="a">MQN</subfield><subfield code="b">eng</subfield><subfield code="c">MQN</subfield><subfield code="d">OCL</subfield><subfield code="d">OCLCQ</subfield></datafield><datafield ind1=" " ind2=" " tag="042"><subfield code="a">msc</subfield></datafield><datafield ind1="0" ind2="0" tag="245"><subfield code="a">Trenton weekly republican and times.</subfield></datafield><datafield ind1="3" ind2="0" tag="246"><subfield code="a">Trenton republican-times</subfield></datafield><datafield ind1="3" ind2="0" tag="246"><subfield code="a">Trenton republican-times and the Grundy County Missourian</subfield></datafield><datafield ind1=" " ind2=" " tag="260"><subfield code="a">Trenton, Mo. :</subfield><subfield code="b">W.B. Rogers Ptg. Co.,</subfield><subfield code="c">1927-1945.</subfield></datafield><datafield ind1=" " ind2=" " tag="300"><subfield code="a">v.</subfield></datafield><datafield ind1=" " ind2=" " tag="310"><subfield code="a">Weekly</subfield></datafield><datafield ind1="0" ind2=" " tag="362"><subfield code="a">63rd year, no. 17 (Mar. 3, 1927)-64th year, no. 265 (July 12, 1945).</subfield></datafield><datafield ind1=" " ind2=" " tag="500"><subfield code="a">Published as: Trenton republican-times, Mar. 24, 1927-Apr. 20, 1944 and Mar. 8, 1945; Trenton republican-times and the Grundy County Missourian, Apr. 27, 1944-Mar. 1, 1945.</subfield></datafield><datafield ind1=" " ind2=" " tag="515"><subfield code="a">Numbering is irregular: 64th year is repeated, last issue should be 81st year, no. 46.</subfield></datafield><datafield ind1=" " ind2=" " tag="752"><subfield code="a">United States</subfield><subfield code="b">Missouri</subfield><subfield code="c">Grundy</subfield><subfield code="d">Trenton.</subfield></datafield><datafield ind1="0" ind2=" " tag="775"><subfield code="t">Trenton republican-times (Trenton, Mo. : Daily : 1927)</subfield><subfield code="w">(DLC)sn 89066359</subfield></datafield><datafield ind1="0" ind2="4" tag="780"><subfield code="t">Trenton weekly republican-tribune</subfield><subfield code="w">(DLC)sn 89066368</subfield></datafield><datafield ind1="0" ind2="4" tag="780"><subfield code="t">Trenton times (Trenton, Mo.)</subfield><subfield code="w">(DLC)sn 89066370</subfield></datafield><datafield ind1="0" ind2="5" tag="780"><subfield code="t">Grundy County Missourian</subfield></datafield><datafield ind1="0" ind2="0" tag="785"><subfield code="t">Republican-times (Trenton, Mo. : Weekly)</subfield><subfield code="w">(DLC)sn 89066371</subfield></datafield></record>